<?xml version="1.0" encoding="UTF-8"?><collection xmlns="http://www.loc.gov/MARC21/slim"><record><leader>00380nam--2200133-i-4500</leader><controlfield tag="001">000039905</controlfield><controlfield tag="002">20161230</controlfield><controlfield tag="005">20161230201042</controlfield><controlfield tag="008">060222s1000------------r-----000-0-eng-d</controlfield><datafield ind1=" " ind2=" " tag="080"><subfield code="a">621.375.8</subfield></datafield><datafield ind1=" " ind2=" " tag="100"><subfield code="a">Ruff,George Antony</subfield></datafield><datafield ind1=" " ind2=" " tag="245"><subfield code="a">Spin exchange and light modulation in optically pumped sodium. thesis</subfield></datafield><datafield ind1=" " ind2=" " tag="260"><subfield code="a">An Arbor, Univ.Microfilms,Inc.,1967. Iv+147 P</subfield></datafield><datafield ind1=" " ind2=" " tag="852"><subfield code="a">29927</subfield></datafield></record></collection>